@online{ecustjwc,
author = {华东理工大学教务处},
title = {教务处本科生毕业论文格式规范（2006年版）},
year = {2006},
url = {http://cs.ecust.edu.cn},
}
